@article{dantzig-fulkerson-johnson,
author={Dantzig, G.B. and D.R. Fulkerson and  S.M. Johnson},
year={1954},
title={Solution of a large-scale traveling-salesman problem},
journal={Operations Research},
volume={2},
pages={393-410},
}

@article{kruskal,
 author = {Kruskal, J.B.},
 title = {On the Shortest Spanning Subtree of a Graph and the
		  Travelling Salesman Problem},
 journal = {Proceedings of the American Mathematical Society},
 volume = 7,
 pages = {48-50},
 year =1956
}

